<record><leader>00000cas a22000007a 4500</leader><controlfield tag="001">9736918</controlfield><controlfield tag="008">830725d18241932nyuwr ne      0    0eng d</controlfield><controlfield tag="009">3781</controlfield><datafield ind1=" " ind2=" " tag="010"><subfield code="a">sn 83030992 </subfield></datafield><datafield ind1=" " ind2=" " tag="040"><subfield code="a">NPU</subfield><subfield code="b">eng</subfield><subfield code="c">NPU</subfield><subfield code="d">NPX</subfield><subfield code="d">DLC</subfield><subfield code="d">NPH</subfield><subfield code="d">NYS</subfield><subfield code="d">CNW</subfield><subfield code="d">NYS</subfield><subfield code="d">CNK</subfield><subfield code="d">NYS</subfield><subfield code="d">OCL</subfield><subfield code="d">OCLCQ</subfield><subfield code="d">OCLCF</subfield><subfield code="d">OCLCO</subfield></datafield><datafield ind1=" " ind2=" " tag="042"><subfield code="a">msc</subfield></datafield><datafield ind1="0" ind2="0" tag="050"><subfield code="a">Newspaper 8829-X</subfield></datafield><datafield ind1="0" ind2=" " tag="130"><subfield code="a">Fredonia censor (Fredonia, N.Y. : 1824)</subfield></datafield><datafield ind1="0" ind2="4" tag="245"><subfield code="a">The Fredonia censor.</subfield></datafield><datafield ind1=" " ind2=" " tag="260"><subfield code="a">Fredonia, Chautauque County, N.Y. :</subfield><subfield code="b">Henry C. Frisbee,</subfield></datafield><datafield ind1=" " ind2=" " tag="300"><subfield code="a">v. :</subfield><subfield code="b">ill. ;</subfield><subfield code="c">53-70 cm.</subfield></datafield><datafield ind1=" " ind2=" " tag="310"><subfield code="a">Weekly</subfield></datafield><datafield ind1="0" ind2=" " tag="362"><subfield code="a">Vol. 4, no. 14 (July 7, 1824)-     = New ser., no. 1-</subfield></datafield><datafield ind1="1" ind2=" " tag="362"><subfield code="a">Ceased in Feb. 1932?</subfield></datafield><datafield ind1=" " ind2=" " tag="500"><subfield code="a">Publishers: Henry C. Frisbee, 1824-&lt;1837&gt;; E. Winchester, 1838-1839; R. Cunnington, 1840; William McKinstry, 1840-&lt;1847&gt;; McKinstry &amp; Bro., &lt;1852&gt;; A.W. McKinstry, &lt;1864-1866&gt;; W. McKinstry &amp; Son, &lt;1876&gt;.</subfield></datafield><datafield ind1=" " ind2=" " tag="500"><subfield code="a">"Democratic Whig," &lt;1847&gt;; "Union National, " &lt;1864&gt;; "Republican, " &lt;1876&gt;.</subfield></datafield><datafield ind1=" " ind2=" " tag="515"><subfield code="a">New series numbering discontinued with Jan. 1, 1825 issue.</subfield></datafield><datafield ind1=" " ind2=" " tag="580"><subfield code="a">Cassadaga-Stockton ed.: Censor, Inc.</subfield></datafield><datafield ind1=" " ind2="0" tag="651"><subfield code="a">Fredonia (N.Y.)</subfield><subfield code="v">Newspapers.</subfield></datafield><datafield ind1=" " ind2="0" tag="651"><subfield code="a">Chautauqua County (N.Y.)</subfield><subfield code="v">Newspapers.</subfield></datafield><datafield ind1=" " ind2="7" tag="655"><subfield code="a">Newspapers.</subfield><subfield code="2">fast</subfield><subfield code="0">(OCoLC)fst01423814</subfield></datafield><datafield ind1=" " ind2="7" tag="651"><subfield code="a">New York (State)</subfield><subfield code="z">Chautauqua County.</subfield><subfield code="2">fast</subfield><subfield code="0">(OCoLC)fst01213677</subfield></datafield><datafield ind1=" " ind2="7" tag="651"><subfield code="a">New York (State)</subfield><subfield code="z">Fredonia.</subfield><subfield code="2">fast</subfield><subfield code="0">(OCoLC)fst01212779</subfield></datafield><datafield ind1=" " ind2=" " tag="752"><subfield code="a">United States</subfield><subfield code="b">New York</subfield><subfield code="c">Chautauqua</subfield><subfield code="d">Fredonia.</subfield></datafield><datafield ind1="1" ind2=" " tag="775"><subfield code="t">Censor, Inc.</subfield><subfield code="w">(DLC)sn 93063935</subfield></datafield><datafield ind1="0" ind2="0" tag="780"><subfield code="t">New-York censor (Fredonia, N.Y.)</subfield><subfield code="w">(DLC)sn 83030993</subfield></datafield><datafield ind1="0" ind2="7" tag="785"><subfield code="t">Fredonia tribune</subfield><subfield code="w">(DLC)sn 93063932</subfield></datafield><datafield ind1="0" ind2="7" tag="785"><subfield code="t">Fredonia censor-tribune</subfield><subfield code="w">(DLC)sn 93063933</subfield></datafield></record>